@CONFERENCE{Leukhin2020multiphase,
    author={Leukhin, A.N. and Voronin, A.A. and Merzlyakov, A.S.},
    title={Application of multiphase sequences with low sidelobe level in synthetic aperture radar},
    journal={Journal of Physics: Conference Series},
    year={2020},
    volume={1679},
    number={2},
    doi={10.1088/1742-6596/1679/2/022042},
    art_number={022042},
    note={cited By 0},
    url={https://www.scopus.com/inward/record.uri?eid=2-s2.0-85097656508&doi=10.1088%2f1742-6596%2f1679%2f2%2f022042&partnerID=40&md5=2cc479eddabfa83d831bbbf7c619b070},
    affiliation={Mari State University, sq. Lenin 1, Mari El Rep, Yoshkar-Ola, 424000, Russian Federation},
    correspondence_address1={Leukhin, A.N.; Mari State University, sq. Lenin 1, Russian Federation; эл. почта: leukhinan@list.ru},
    editor={Kovalev I.V., Voroshilova A.A., Testoyedov N.A.},
    publisher={IOP Publishing Ltd},
    issn={17426588},
    language={English},
    abbrev_source_title={J. Phys. Conf. Ser.},
    document_type={Conference Paper},
    source={Scopus},
    authorscopus={true},
    authorconf={true},
}

@CONFERENCE{Leukhin2020autofocusing,
    author={Leukhin, A.N. and Voronin, A.A. and Merzlyakov, A.S. and Parsaev, N.V.},
    title={Application of the autofocusing algorithm for the synthesis of X and L band radar images},
    journal={Journal of Physics: Conference Series},
    year={2020},
    volume={1679},
    number={4},
    doi={10.1088/1742-6596/1679/4/042009},
    art_number={042009},
    note={cited By 0},
    url={https://www.scopus.com/inward/record.uri?eid=2-s2.0-85097607062&doi=10.1088%2f1742-6596%2f1679%2f4%2f042009&partnerID=40&md5=c96eab846c74f777a9cb4cbbc7f8edf9},
    affiliation={Mari State University, Sq. Lenin Mari El Rep 1, Yoshkar-Ola, 424000, Russian Federation},
    correspondence_address1={Leukhin, A.N.; Mari State University, Sq. Lenin Mari El Rep 1, Russian Federation; эл. почта: leukhinan@list.ru},
    editor={Kovalev I.V., Voroshilova A.A., Testoyedov N.A.},
    publisher={IOP Publishing Ltd},
    issn={17426588},
    language={English},
    abbrev_source_title={J. Phys. Conf. Ser.},
    document_type={Conference Paper},
    source={Scopus},
    authorscopus={true},
    authorconf={true},
}

@CONFERENCE{Leukhin2020binary,
    author={Leukhin, A.N. and Bezrodnyi, V.I. and Voronin, A.A. and Merzlyakov, A.S. and Parsaev, N.V.},
    title={Ensembles of optimal binary sequences of length 22n},
    journal={Journal of Physics: Conference Series},
    year={2020},
    volume={1679},
    number={4},
    doi={10.1088/1742-6596/1679/4/042011},
    art_number={042011},
    note={cited By 0},
    url={https://www.scopus.com/inward/record.uri?eid=2-s2.0-85097603142&doi=10.1088%2f1742-6596%2f1679%2f4%2f042011&partnerID=40&md5=a43f2f6467d692beefbcc3465ff6f75b},
    affiliation={Mari State University, sq. Lenin Mari El Rep 1, Yoshkar-Ola, 424000, Russian Federation},
    correspondence_address1={Leukhin, A.N.; Mari State University, sq. Lenin Mari El Rep 1, Russian Federation; эл. почта: leukhinan@list.ru},
    editor={Kovalev I.V., Voroshilova A.A., Testoyedov N.A.},
    publisher={IOP Publishing Ltd},
    issn={17426588},
    language={English},
    abbrev_source_title={J. Phys. Conf. Ser.},
    document_type={Conference Paper},
    source={Scopus},
    authorscopus={true},
    authorconf={true},
}

@CONFERENCE{Leukhin2019,
    author={Leukhin, A.N. and Voronin, A.A. and Bezrodnyi, V.I.},
    title={Calculation of the radar cross-section of complex objects for the problem of modeling a synthetic aperture radar},
    journal={IOP Conference Series: Materials Science and Engineering},
    year={2019},
    volume={516},
    number={1},
    doi={10.1088/1757-899X/516/1/012047},
    art_number={012047},
    note={cited By 0},
    url={https://www.scopus.com/inward/record.uri?eid=2-s2.0-85065622826&doi=10.1088%2f1757-899X%2f516%2f1%2f012047&partnerID=40&md5=c74963137a805cba0a9882ebdef2f5a9},
    affiliation={Mari State University, Yoshkar-Ola, Russian Federation},
    publisher={Institute of Physics Publishing},
    issn={17578981},
    language={English},
    abbrev_source_title={IOP Conf. Ser. Mater. Sci. Eng.},
    document_type={Conference Paper},
    source={Scopus},
    authorscopus={true},
    authorconf={true},
}

@CONFERENCE{Leukhin2019xp,
    author={Leukhin, A.N. and Voronin, A.A. and Bezrodnyi, V.I. and Galtseva, O.V.},
    title={Modeling of synthetic-aperture radar in X and P-band},
    journal={IOP Conference Series: Materials Science and Engineering},
    year={2019},
    volume={516},
    number={1},
    doi={10.1088/1757-899X/516/1/012021},
    art_number={012021},
    note={cited By 0},
    url={https://www.scopus.com/inward/record.uri?eid=2-s2.0-85065626901&doi=10.1088%2f1757-899X%2f516%2f1%2f012021&partnerID=40&md5=f8eb0714fdd71576e398f8865541be0d},
    affiliation={Mari State University, Yoshkar-Ola, Russian Federation; National Research Tomsk Polytechnic University, Tomsk, Russian Federation},
    publisher={Institute of Physics Publishing},
    issn={17578981},
    language={English},
    abbrev_source_title={IOP Conf. Ser. Mater. Sci. Eng.},
    document_type={Conference Paper},
    source={Scopus},
    authorscopus={true},
    authorconf={true},
}

@CONFERENCE{Leukhin2018,
    author={Leukhin, A.N. and Voronin, A.A. and Bezrodny, V.I.},
    title={Detection of moving targets in SAR},
    journal={Journal of Physics: Conference Series},
    year={2018},
    volume={1096},
    number={1},
    doi={10.1088/1742-6596/1096/1/012049},
    art_number={012049},
    note={cited By 0},
    url={https://www.scopus.com/inward/record.uri?eid=2-s2.0-85059029498&doi=10.1088%2f1742-6596%2f1096%2f1%2f012049&partnerID=40&md5=d5f014de43907b52d31f36a892321f88},
    affiliation={Mari State University, Lenin Sq. 1, Yoshkar-Ola, 424000, Russian Federation},
    editor={Kozlova E.S., Kozlova E.S.},
    publisher={Institute of Physics Publishing},
    issn={17426588},
    language={English},
    abbrev_source_title={J. Phys. Conf. Ser.},
    document_type={Conference Paper},
    source={Scopus},
    authorscopus={true},
    authorconf={true},
}

@ARTICLE{Rozhentsov20181068,
    author={Rozhentsov, A.A. and Leukhin, A.N. and Bezrodnyi, V.I. and Voronin, A.A. and Kokovihina, N.A.},
    title={3D Imaging with a Synthetic Aperture Radar},
    journal={Bulletin of the Russian Academy of Sciences: Physics},
    year={2018},
    volume={82},
    number={8},
    pages={1068-1072},
    doi={10.3103/S1062873818080348},
    note={cited By 0},
    url={https://www.scopus.com/inward/record.uri?eid=2-s2.0-85053753081&doi=10.3103%2fS1062873818080348&partnerID=40&md5=12d8b15006573d3bbbaf0e38b7e2644e},
    affiliation={Volga State University of Technology, Yoshkar-Ola, 424000, Russian Federation; Mari State University, Yoshkar-Ola, 424000, Russian Federation},
    correspondence_address1={Rozhentsov, A.A.; Volga State University of TechnologyRussian Federation; эл. почта: RozhencovAA@volgatech.net},
    publisher={Pleiades Publishing},
    issn={10628738},
    language={English},
    abbrev_source_title={Bull. Russ. Acad. Sci. Phys.},
    document_type={Article},
    source={Scopus},
    authorscopus={true},
}

@CONFERENCE{Voronin20181,
    author={Voronin, A.A. and Leukhin, A.N.},
    title={Simulation of scattered field in X-band synthetic aperture radar},
    journal={2017 International Conference on Broadband Communication, Wireless Sensors and Powering, BCWSP 2017},
    year={2018},
    volume={2018-January},
    pages={1-5},
    doi={10.1109/BCWSP.2017.8272554},
    note={cited By 0},
    url={https://www.scopus.com/inward/record.uri?eid=2-s2.0-85047368746&doi=10.1109%2fBCWSP.2017.8272554&partnerID=40&md5=210d86da66bc5e993fbe13cba5fab3bd},
    affiliation={Training Research Center of High-Performance Computing Mari State University, Yoskar-Ola, Russian Federation},
    publisher={Institute of Electrical and Electronics Engineers Inc.},
    isbn={9781538628324},
    language={English},
    abbrev_source_title={Int. Conf. Broadband Commun., Wirel. Sensors Powering, BCWSP},
    document_type={Conference Paper},
    source={Scopus},
    authorscopus={true},
    authorconf={true},
}

@ARTICLE{Leukhin201825,
    author={Leukhin, A.N. and Bezrodnyi, V.I. and Voronin, A.A.},
    title={Remote sensing of the earth by synthetic aperture radar},
    journal={Uchenye Zapiski Kazanskogo Universiteta. Seriya Fiziko-Matematicheskie Nauki},
    year={2018},
    volume={160},
    number={1},
    pages={25-41},
    note={cited By 1},
    url={https://www.scopus.com/inward/record.uri?eid=2-s2.0-85087801803&partnerID=40&md5=b1ce36451b132603dbf2f61d6526ab7a},
    affiliation={Mari State University, Yoshkar-Ola, 424000, Russian Federation},
    correspondence_address1={Voronin, A.A.; Mari State UniversityRussian Federation; эл. почта: v.andrei@protonmail.com},
    publisher={Kazan Federal University},
    issn={25417746},
    language={Russian},
    abbrev_source_title={Uchenye Zapiski Kazanskogo Universiteta. Seriya Fiziko-Matematicheskie Nauki},
    document_type={Article},
    source={Scopus},
    authorscopus={true},
}

@CONFERENCE{Karasev2018336,
    author={Karasev, D.V. and Leukhin, A.N. and Voronin, A.A. and Bezrodny, V.I.},
    title={Modeling of polarization SAR system},
    journal={CEUR Workshop Proceedings},
    year={2018},
    volume={2210},
    pages={336-343},
    doi={10.18287/1613-0073-2018-2210-336-343},
    note={cited By 1},
    url={https://www.scopus.com/inward/record.uri?eid=2-s2.0-85055447552&doi=10.18287%2f1613-0073-2018-2210-336-343&partnerID=40&md5=c205f6eb32767fa42d0d0830067702cb},
    affiliation={Volga State University of Technology, Lenin Sq. 3, Yoshkar-Ola, 424000, Russian Federation; Mari State University, Lenin Sq. 1, Yoshkar-Ola, 424000, Russian Federation},
    editor={Myasnikov, V. and Sergeyev, V. and Fedoseev, V. and Kudryashov, D.},
    publisher={CEUR-WS},
    issn={16130073},
    language={English},
    abbrev_source_title={CEUR Workshop Proc.},
    document_type={Conference Paper},
    source={Scopus},
    authorscopus={true},
    authorconf={true},
}

@CONFERENCE{Leukhin2018330,
    author={Leukhin, A.N. and Rozentsov, A.A. and Bezrodnyy, V.I. and Voronin, A.A. and Karasev, D.Yu. and Kokovihina, N.A.},
    title={3d synthetic aperture radar image},
    journal={CEUR Workshop Proceedings},
    year={2018},
    volume={2210},
    pages={330-335},
    doi={10.18287/1613-0073-2018-2210-330-335},
    note={cited By 0},
    url={https://www.scopus.com/inward/record.uri?eid=2-s2.0-85055429515&doi=10.18287%2f1613-0073-2018-2210-330-335&partnerID=40&md5=6903e8c47df360ea86e1a12487dd2a0c},
    affiliation={Mari State University, Lenin square 1, Yoskar-Ola, 424000, Russian Federation; Volga State University of Technology, Lenin square 3, Yoskar-Ola, 424000, Russian Federation},
    editor={Myasnikov, V. and Sergeyev, V. and Fedoseev, V. and Kudryashov, D.},
    publisher={CEUR-WS},
    issn={16130073},
    language={English},
    abbrev_source_title={CEUR Workshop Proc.},
    document_type={Conference Paper},
    source={Scopus},
    authorscopus={true},
    authorconf={true},
}

@CONFERENCE{Leukhin2017,
    author={Leukhin, A.N. and Bezrodnyi, V.I. and Voronin, A.A. and Kokovikhina, N.A.},
    title={Ground-state level spin systems within Bernasconi model},
    journal={EPJ Web of Conferences},
    year={2017},
    volume={161},
    doi={10.1051/epjconf/201716102013},
    art_number={02013},
    note={cited By 0},
    url={https://www.scopus.com/inward/record.uri?eid=2-s2.0-85048717205&doi=10.1051%2fepjconf%2f201716102013&partnerID=40&md5=3dc51f46febc9155116aa1fdbe69de8c},
    affiliation={Mari State University, 1 Lenin sq, Yoshkar-Ola, 424000, Russian Federation},
    correspondence_address1={Leukhin, A.N.; Mari State University, 1 Lenin sq, Russian Federation; эл. почта: leukhinan@list.ru},
    editor={Kalachev, A.A. and Naumov, A.V. and Karimullin, K.R. and Gladush, M.G. and Naumov, A.V. and Gladush, M.G. and Samartsev, V.V.},
    publisher={EDP Sciences},
    issn={21016275},
    language={English},
    abbrev_source_title={EPJ Web Conf.},
    document_type={Conference Paper},
    source={Scopus},
    authorscopus={true},
    authorconf={true},
}