@book{knott2004radar,
    title={Radar Cross Section},
    author={Knott, E.F. and Schaeffer, J.F. and Tulley, M.T.},
    isbn={9781891121258},
    lccn={2006355105},
    series={Radar, Sonar and Navigation Series},
    year={2004},
    publisher={Institution of Engineering and Technology}
}

@ARTICLE{backscattering-soil,
    author={Y. {Oh} and K. {Sarabandi} and F. T. {Ulaby}},
    journal={IEEE Transactions on Geoscience and Remote Sensing},
    title={Semi-empirical model of the ensemble-averaged differential Mueller matrix for microwave backscattering from bare soil surfaces},
    year={2002},
    volume={40},
    number={6},
    pages={1348-1355},
    doi={10.1109/TGRS.2002.800232}}

@book{rozin,
    author = {Розин, В.М. and Горохов, В.Г. and Алексеева, И.Ю. and Аронсон, О.В.},
    title = {Философия техники: история и современность},
    year = {1997},
    editor = {Розина, В. М.},
    language = {russian},
    publisher = {ИФ РАН},
    location = {М},
    pagetotal = {283}
}

@book{rozin_intro,
    author = {Розин, В.М. and Горохов, В.Г.},
    title = {Введение в философию техники: Учеб. пособие},
    year = {1998},
    editor = {Арзаканян, Ц.Г.},
    language = {russian},
    publisher = {ИНФРА-М},
    location = {М},
    pagetotal = {224}
}

@book{demnev,
    author = {Деменев, А.Г.},
    title = {Современные философские проблемы математических, естественных и технических наук: учеб-метод, пособие},
    year = {2007},
    language = {russian},
    publisher = {АГТУ},
    location = {Архангельск},
    pagetotal = {79}
}

@book{stepin,
    author = {Стёпин, В.С. and  Розов, М.А. and Горохов, В.Г.},
    title = {Философия науки и техники},
    year = {1996},
    language = {russian},
    publisher = {Гардарики},
    location = {М},
    pagetotal = {283}
}

@book{Izmailov,
    author = {Измайлов, И.В. and Пойзнер, Б.Н.},
    title = {О науке, событиях в истории изучения света, колебаний, волн, об их исследователях, а также глоссы и этимоны : учеб. пособие},
    year = {2015},
    editor = {Войцеховского А.В.},
    language = {russian},
    publisher = {Издательский дом ТГУ},
    location = {Томск},
    pagetotal = {410}
}

@book{ortega,
    author = {Хосе Ортега-и-Гассет},
    title = {Избранные труды: Пер. с исп.},
    year = {1997},
    editor = {Руткевича, A.M.},
    language = {russian},
    publisher = {Издательство «Весь Мир»},
    location = {М},
    pagetotal = {704}
}

@book{nekrasovs,
    author = {Некрасова, Н.А. and Некрасов, С.И.},
    title = {Философия техники},
    year = {2010},
    editor = {Руткевича, A.M.},
    language = {russian},
    publisher = {МИИТ,},
    location = {М},
    pagetotal = {164}
}

@book{kuchin,
    author = {Кучин, В.С.},
    title = {Популярная история --- От электричества до Телевидения},
    year = {2015},
    edition = {3},
    language = {russian},
    location = {Нижний Новгород},
    pagetotal = {204}
}

@article{Berdyaev,
    author = {Бердяев, Н.А.},
    title = {Человек и машина (Проблема социологии и метафизики техники)},
    journal = {Путь},
    month = {Май},
    year = {1933},
    language = {russian},
    number = {38},
    pages = {3-38},
}

@article{batishev,
    author = {Батищев, Г.С.},
    title = {Культура, природа и псевдоприродные феномены в историческом процессе},
    journal = {Проблемы теории культуры},
    year = {1935},
    location = {М},
    language = {russian},
    pages = {84}
}

@book{спасский1977история,
    title = {История физики Ч. II},
    author = {Спасский, Б.И.},
    edition = {2},
    language = {russian},
    volume = {2},
    year = {1977},
    location = {М},
    publisher = {Высшая школа}
}

@book{amper,
    title = {Электродинамика},
    author = {Ампер, А.М.},
    language = {russian},
    editor = {Дорфмана, Я.Г.},
    year = {1954},
    series = {Классики науки},
    location = {М},
    publisher = {АН СССР},
    pagetotal = {492}
}


@article{ieeePopov,
    author = {Erica Vonderheid},
    title = {Early Radio Transmission Recognized as Milestone},
    journal = {IEEE Broadcast Technology Society Newsletter},
    year = {2005},
    language = {english},
    volume = {13},
    number = {4},
    pages = {3-4}
}

@patent{HuettmanPatent,
    holder = {заявитель и патентообладатель Pintsch Julius Kg},
    author = {Erich Huettmann},
    authorcountry = {Германия},
    media = {text},
    type = {пат.},
    title = {Метод измерения расстояния},
    number = {DE768068 C},
    location = {Германия},
    requestdate = {1940-03-22},
    publicationdate = {1950-06-10},
    language = {russian}
}

@patent{CauerPatent,
    holder = {заявитель и патентообладатель Karoline Helene Mathilde Cauer},
    author = {Wilhelm Adolf Eduard Dr- Cauer},
    authorcountry = {Германия},
    media = {text},
    type = {пат.},
    title = {Способ передачи сообщений импульсами},
    number = {DE892772 C},
    location = {Германия},
    requestdate = {1950-10-18},
    publicationdate = {1954-04-29},
    language = {russian}
}

@patent{KelvinHughes,
    holder = {заявитель и патентообладатель Kelvin and Hughes Ltd},
    author = {Orr Sproule Donald},
    authorcountry = {Великобритания},
    media = {text},
    type = {пат.},
    title = {Вибрационная передающая система},
    number = {US2629770 A},
    location = {США},
    requestdate = {1948-12-18},
    publicationdate = {1953-02-24},
    language = {russian}
}

@patent{shirman_Pat,
    author = {Ширман Я. Д.},
    authorcountry = {СССР},
    media = {text},
    type = {заявка},
    title = {Способ повышения разрешающей способности радиолокационных станций и устройство для его осуществления},
    number = {461977},
    location = {СССР},
    requestdate = {1956-07-25},
    publicationdate = {1962-01-01},
    language = {russian}
}

@book{кук1971радиолокационные,
    title={Радиолокационные сигналы},
    author={Кук, Ч. and Бернфельд, М.},
    isbn={9785458449281},
    year={1971},
    location = {M},
    publisher={Советское радио},
    pagetotal = {568},
    language = {russian}
}

@book{SAR:vozd_razvedka,
    language = {russian},
    author = {Школьный, Л. А. and Толстов, Е. Ф. and Детков, А. Н. and Карпов, О. А. and Яковлев, А. М. and Титов, М. П. and Филатов, А.А. and Тонких, А.Н and Цветков, О.Е. and Архангельский А.С.},
    editor = {Школьный, Л. А.},
    title = {Радиолокационные системы воздушной разведки, дешифрирование радиолокационных изображений},
    subtitle = {учебник для курсантов ВВИА имени профессора Н.Е. Жуковского},
    publisher = {ВВИА им. проф. Н.Е. Жуковского},
    year = {2008},
    pagetotal = {531},
    address = {М.},
}


@book{neronski,
    language = {russian},
    author = {Неронский, Л. Б. and Михайлов, В. Ф. and Брагин, И. В.},
    title = {Микроволновая аппаратура дистанционного зондирования поверхности Земли и атмосферы. Радиолокаторы с синтезированной апертурой антенны},
    subtitle = {Учеб. пособие},
    publisher = {СПбГУАП},
    year = {1999},
    part ={2},
    pagetotal = {220},
    address = {СПб}
}

@book{bistaticChina,
    language = {english},
    author = {Xiaolan, Qiu and Chibiao, Din and Donghui, Hu},
    title = {Bistatic SAR data processing algorithms},
    publisher = {Institute of Electronics, Chinese Academy of Sciences},
    year = {2013},
    pagetotal = {314},
    address = {P.R. China},
    isbn = {978-1-118-18808-8}
}


@book{SAR:didier,
    language = {english},
    langid = {english},
    author = {Massonnet, Didier and Souyris, Jean-Claude},
    title = {Imaging with synthetic aperture radar},
    publisher = {Taylor \& Francis Group, LLC},
    year = {2008},
    pagetotal = {276},
    address = {New York},
    isbn = {978-0-8493-8239-0}
}

@book{SAR:inverse,
    language = {english},
    langid = {english},
    author = {Caner, Özdemir},
    editor = {Chang, Kai},
    title = {Inverse Synthetic Aperture Radar. Imaging with MATLAB algorithms},
    publisher = {John Wiley \& Sons, Inc.},
    year = {2012},
    pagetotal = {383},
    address = {New Jersey},
    isbn = {978-0-470-28484-1}
}

@book{SAR:MIMO,
    language = {english},
    langid = {english},
    author = {Wang, Wen-Qin},
    title = {Multi-antenna  synthetic aperture radar},
    publisher = {Taylor \& Francis Group, LLC},
    year = {2013},
    pagetotal = {431},
    address = {New York},
    isbn = {978-1-4665-1052-4}
}

@book{SAR:Charvat,
    language = {english},
    langid = {english},
    media = {text},
    author = {Charvat, Gregory L. },
    title = {Small and Short-Range Radar Systems},
    publisher = {Taylor \& Francis Group, LLC},
    year = {2014},
    pagetotal = {430},
    address = {New York},
    isbn = {9781439866009},
    series = {Gregory L. Charvat Series on Practical Approaches to Electrical Engineering}
}

@book{SAR:ASTROPHYSICS,
    language = {english},
    langid = {english},
    media = {text},
    author = {Kopilovich, Lazarus E. and Sodin, Leonid G.},
    title = {Multielement System Design in Astronomy and Radio Science},
    publisher = {Springer-Science+business Media, B.V.},
    year = {2001},
    pagetotal = {191},
    address = {Berlin},
    isbn = {978-90-481-5846-1},
    series = {Astrophysics and Space Science Library, Vol. 268},
}

@book{SAR:processing,
    language = {english},
    langid = {english},
    editor = {Maître, Henri},
    title = {Processing of Synthetic Aperture Radar Images},
    publisher = {John Wiley \& Sons, Inc.},
    year = {2008},
    pagetotal = {411},
    address = {New Jersey},
    isbn = {978-1-84821-024-0}
}


@book{SAR:polar,
    language = {english},
    langid = {english},
    author = {Jakob Van Zyl and Yunjin Kim},
    editor = {Yuen, Joseph H.},
    title = {Synthetic Aperture Radar Polarimetry},
    publisher = {John Wiley \& Sons, Inc.},
    year = {2011},
    pagetotal = {334},
    address = {New Jersey},
    isbn = {978-1-118-11511-4},
    series = {JPL Space Science and Technology Series}
}

@book{SAR:sar,
    language = {english},
    langid = {english},
    author = {Fitch, J. Patrick},
    editor = {Burrus, C. S.},
    title = {Synthetic Aperture Radar},
    publisher = {Springer-Verlag},
    year = {1988},
    pagetotal = {170},
    address = {New York},
    isbn = {978-1-4612-8366-9}
}

@book{SAR:radiovidinee,
    language = {russian},
    langid = {russian},
    media = {text},
    author = {Кондратенков, В. С. and Фролов, А. Ю.},
    editor = {Кондратенкова, В. С.},
    title = {Радиовидение. Радиолокационные системы дистанционного зондирования Земли},
    subtitle = {Учеб. пособие для вузов},
    publisher = {Радиотехника},
    year = {2005},
    pagetotal = {368 с. : ил},
    address = {М.},
    isbn = {5-88070-071-2},
    series = {Сер. Радиолокация}
}

@Book{skolnik,
    author = {Skolnik, Merrill},
    title = {Radar Handbook},
    publisher = {McGraw Hill},
    year = {2008},
    edition = {3},
    address = {New York}
}

@book{skolnik1,
    language = {russian},
    langid = {russian},
    media = {text},
    editor = {Сколника, М. И.},
    translator = {Вербы, В. С.},
    origlanguage = {english},
    title = {Справочник по радиолокации},    
    publisher = {Техносфера},
    year = {2014},
    pagetotal = {672},
    address = {М.},
    isbn = {978-5-94836-381-3},
    book = {1},
    books = {2}
}

@book{skolnik2,
    language = {russian},
    langid = {russian},
    media = {text},
    editor = {Сколника, М. И.},
    translator = {Вербы, В. С.},
    origlanguage = {english},
    title = {Справочник по радиолокации},    
    publisher = {Техносфера},
    year = {2014},
    pagetotal = {680},
    address = {М.},
    isbn = {978-5-94836-381-3},
    book = {2},
    books = {2}
}

@book{kobak,
    language = {russian},
    langid = {russian},
    media = {text},
    author = {Кобак, В. О.},
    editor = {Леонтьевского, О. Н.},
    title = {Радиолокационные отражатели},    
    publisher = {Сов. Радио},
    year = {1975},
    pagetotal = {248},
    address = {М.},
}


@book{shirman,
    language = {russian},
    langid = {russian},
    media = {text},
    editor = {Ширмана, Я. Д.},
    edition = {2-e, перераб. и доп.},
    title = {Радиоэлектронные системы: Основы построения и теория. Справочник},    
    publisher = {Радиотехника},
    year = {2007},
    pagetotal = {512 с. : ил.},
    address = {М.},
    isbn = {5-88070-112-3},
}


@book{MOD:Gibson,
    language = {english},
    langid = {english},
    media = {text},
    author = {Gibson, Walton C.},
    title = {The Method of Moments in Electromagnetics},    
    publisher = {CRC Taylor \& Francis Group},
    year = {2008},
    pagetotal = {289},
    address = {New York},
    isbn = {978‐1‐4200‐6145‐1},
}


@article{MOD:borzov2000,
    author = {Борзов, А. Б. and Соколов, А. В. and Сучков, В. Б.},
    media = {eresource},
    title = {Методы цифрового моделирования радиолокационных характеристик сложных объектов на фоне природных и антропогенных образований},
    journaltitle = {<<Журнал радиоэлектроники>>},
    year = {2000},
    language = {russian},
    url = {jre.cplire.ru/jre/mar00/index.html},
    urldate = {2018-01-28},
    number = {3}
}

@article{MOD:borzov2002,
    author = {Борзов, А. Б. and Соколов, А. В. and Сучков, В. Б.},
    media = {eresource},
    title = {Цифровое моделирование входных сигналов систем ближней радиолокации от сложных радиолокационных сцен},
    journaltitle = {<<Журнал радиоэлектроники>>},
    year = {2004},
    language = {russian},
    url = {jre.cplire.ru/jre/apr04/index.html},
    urldate = {2018-01-28},
    number = {4}
}

@article{MOD:apaydin,
    language = {english},
    langid = {english},
    title={Diffraction at a rectangular plate: First-Order PTD approximation},
    author={Apaydin, G{\"o}khan and Hacivelioglu, Feray and Sevgi, Levent and Gordon, William B and Ufimtsev, Pyotr Ya},
    journaltitle={IEEE Transactions on Antennas and Propagation},
    volume={64},
    number={5},
    pages={1891--1899},
    year={2016},
    publisher={IEEE}
}

@book{MOD:бабич2004метод,
    title={Метод Зомерфельда-Малюжинца в теории дифракции},
    author={Бабич, Василий Михайлович and Лялинов, Михаил Анатольевич and Грикуров, Валерий Эдуардович},
    year={2004},
    media = {text},
    publisher = {ВВМ},
    location = {СПб},
    pagetotal = {103 с.: ил.}
}


@REFERENCE{gost-7.1-2003,
    heading = {ГОСТ 7.1-2003},
    title = {Библиографическая запись. Библиографическое описание. Общие требования и правила составления},
    media = {text},
    location = {М.},
    publisher = {ИПК Издательство стандартов},
    year = {2004},
    pagetotal = {166},
    series = {Межгосударственный стандарт},
    language = {russian},
    
}

@article{MOD:borzov2014mathematical,
    language = {english},
    langid = {english},
    title={Mathematical modeling and simulation of the input signals of short-range radar systems},
    author={Borzov, A. B. and Suchkov, V. B. and Shakhtarin, B. I. and Sidorkina, Yu. A.},
    journal={Journal of Communications Technology and Electronics},
    volume={59},
    number={12},
    pages={1356--1368},
    year={2014},
    publisher={Springer}
}

@article{MOD:gordon1975far,
    language = {english},
    langid = {english},
    title={Far-field approximations to the Kirchoff-Helmholtz representations of scattered fields},
    author={Gordon, W. B.},
    journal={IEEE Transactions on Antennas and Propagation},
    volume={23},
    number={4},
    pages={590--592},
    year={1975},
    publisher={IEEE}
}

@article{MOD:борзов2010особенности,
    title={Особенности цифрового моделирования характеристик рассеяния сложных объектов локации в субмиллиметровом и терагерцовом диапазонах волн},
    author={Борзов, Андрей Борисович and Лихоеденко, Константин Павлович and Муратов, Игорь Валентинович and Павлов, Григорий Львович and Сучков, Виктор Борисович},
    journal={Вестник Московского государственного технического университета им. Н. Э. Баумана. Серия {\guillemotleft}Машиностроение{\guillemotright}},
    year={2010},
    publisher={Федеральное государственное бюджетное образовательное учреждение высшего профессионального образования {\guillemotleft}Московский государственный технический университет имени Н. Э. Баумана{\guillemotright}}
}

@article{MOD:jeng1998near,
    language = {english},
    langid = {english},
    title={Near-field scattering by physical theory of diffraction and shooting and bouncing rays},
    author={Jeng, Shyh-Kang},
    journal={IEEE Transactions on Antennas and Propagation},
    volume={46},
    number={4},
    pages={551--558},
    year={1998},
    publisher={IEEE}
}


@book{MOD:уфимцев2007теория,
    language = {russian},
    langid = {russian},
    title={Теория дифракционных краевых волн в электродинамике},
    author={Уфимцев, Петр Яковлевич},
    translator = {Капцова, А. В.},
    origlanguage = {english},
    edition = {2-e изд., испр. и доп.},
    publisher={Бином},
    location = {М.},
    year={2012},
    pagetotal = {372 с. : ил.},
    isbn = {978-5-9963-0634-3}
}

@book{MOD:уфимцев62,
    title={Метод краевых волн в физической теории дифракции},
    author={Уфимцев, Петр Яковлевич},
    publisher={Советское радио},
    location = {М.},
    year={1962},
    pagetotal = {244 с. : ил.}
}

@article{MOD:ufimtsev2006improved,
    language = {english},
    langid = {english},
    title={Improved physical theory of diffraction: Removal of the grazing singularity},
    author={Ufimtsev, Pyotr Ya},
    journal={IEEE transactions on antennas and propagation},
    volume={54},
    number={10},
    pages={2698--2702},
    year={2006},
    publisher={IEEE}
}

@article{MOD:youssef1989radar,
    language = {english},
    langid = {english},
    title={Radar cross section of complex targets},
    author={Youssef, Nazih N},
    journal={Proceedings of the IEEE},
    volume={77},
    number={5},
    pages={722--734},
    year={1989},
    publisher={IEEE}
}

@book{бреховских1957волны,
    title={Волны в слоистых средах},
    author={Бреховских, Леонид Максимович},
    year={1957},
    publisher={Рипол Классик}
}

@article{MOD:michaeli1984equivalent,
    language = {english},
    langid = {english},
    title={Equivalent edge currents for arbitrary aspects of observation},
    author={Michaeli, Arie},
    journal={IEEE Transactions on Antennas and Propagation},
    volume={32},
    number={3},
    pages={252--258},
    year={1984},
    publisher={IEEE}
}

@thesis{SAR:marino2012new,
    language = {english},
    langid = {english},
    title={A new target detector based on geometrical perturbation filters for Polarimetric Synthetic Aperture Radar (POL-SAR)},
    author={Marino, Armando},
    year={2012},
    publisher={Springer Science \& Business Media},
    pagetotal = {240},
    isbn = {978-3-642-27162-5},
    media = {text},
    type = {phdthesis},
}

@article{SAR:ракитинособенности,
    title={Особенности цифровой обработки траекторного сигнала в РСА при съёмке по технологии ScanSAR},
    author={Ракитин, А. В. and Костров, В. В.},
    journal={Радиолокационные системы},
    number={3},
    pages={27--31},
    year={2012},
}

@article{SAR:sun2010polar,
    language = {english},
    langid = {english},
    title={Polar format algorithm for spotlight bistatic SAR with arbitrary geometry configuration},
    author={Sun, Jinping and Mao, Shiyi and Wang, Guohua and Hong, Wen},
    journal={Progress In Electromagnetics Research},
    volume={103},
    pages={323--338},
    year={2010},
    publisher={EMW Publishing}
}


@article{SAR:chang1993sir,
    language = {english},
    langid = {english},
    title={SIR-C Ground Data System and Processing Algorithm Design},
    author={Chang, C. Y. and Curlander, J. C.},
    journal={International Archives of Photogrammetry and Remote Sensing},
    volume={29},
    pages={549--549},
    year={1993},
    publisher={International Society for Photogrammetry \& Remote Sensing}
}

@inproceedings{MOD:жердев2016моделирование,
    title={Моделирование радиолокационных изображений с использованием программно-моделирующего конструктора радиолокационных карт},
    author={Жердев, Д. А. and Минаев, Е. Ю. and Фурсов, В. А.},
    booktitle={Информационные технологии и нанотехнологии (ИТНТ-2016)},
    pages={586--590},
    year={2016}
}

@inproceedings{SAR:akliouat2007synthetic,
    language = {english},
    langid = {english},
    title={Synthetic aperture radar image formation process: application to a region of North Algeria},
    author={Akliouat, Hacene and Smara, Youcef and Bouchemakh, Lynda},
    booktitle={Proceedings of Envisat Symposium},
    year={2007}
}

@article{SAR:yates2006bistatic,
    language = {english},
    langid = {english},
    title={Bistatic SAR image formation},
    author={Yates, G and Horne, AM and Blake, AP and Middleton, R},
    journal={IEE Proceedings-Radar, Sonar and Navigation},
    volume={153},
    number={3},
    pages={208--213},
    year={2006},
    publisher={IET}
}

@article{SAR:agrawal2009,
    language = {english},
    langid = {english},
    title={SAR signal processing algorithms},
    author={Agrawal, Navneet and Venugopalan, K},
    journal={ARPN Journal of Engineering and Applied Sciences},
    volume={4},
    number={9},
    pages={40--45},
    year={2009}
}

@article{SAR:горячкин2003слепое,
    title={Слепое восстановление изображений радиолокационных станций с синтезированной апертурой},
    author={Горячкин, О. В.},
    journaltitle={Компьютерная оптика},
    number={25},
    year={2003},
    publisher={Федеральное государственное автономное образовательное учреждение высшего образования {\guillemotleft}Самарский национальный исследовательский университет имени академика СП Королёва{\guillemotright}(Самарский университет)}
}

@article{SAR:moreira1992real,
    language = {english},
    langid = {english},
    title={Real-time synthetic aperture radar (SAR) processing with a new subaperture approach},
    author={Moreira, Alberto},
    journal={IEEE Transactions on Geoscience and Remote sensing},
    volume={30},
    number={4},
    pages={714--722},
    year={1992},
    publisher={IEEE}
}

@techreport{SAR:baxter1998synthetic,
    language = {english},
    langid = {english},
    title={Synthetic aperture radar image coding},
    author={Baxter, Robert A},
    year={1998},
    institution={Massachusetts inst of tech Lexington Lincoln lab}
}

@book{SAR:oliver2004understanding,
    language = {english},
    langid = {english},
    title={Understanding synthetic aperture radar images},
    author={Oliver, Chris and Quegan, Shaun},
    year={2004},
    pagetotal = {522},
    publisher={SciTech Publishing}
}

@article{SAR:walterscheid2006bistatic,
    language = {english},
    langid = {english},
    title={Bistatic SAR processing and experiments},
    author={Walterscheid, Ingo and Ender, Joachim HG and Brenner, Andreas R and Loffeld, Otmar},
    journal={IEEE Transactions on Geoscience and Remote Sensing},
    volume={44},
    number={10},
    pages={2710--2717},
    year={2006},
    publisher={IEEE}
}

@book{vozd_razvedka,
    language = {russian},
    author = {Школьный, Л.А. and Толстов, Е.Ф. and Детков, А.Н. and Карпов, О.А. and Яковлев, А.М. and Титов, М.П. and Филатов, А.А. and Тонких, А.Н and Цветков, О.Е. and Архангельский А.С.},
    editor = {Школьный, Л.А},
    title = {Радиолокационные системы воздушной разведки, дешифрирование радиолокационных изображений: учебник для курсантов ВВИА имени профессора Н.Е. Жуковского},
    publisher = {ВВИА им. проф. Н.Е. Жуковского},
    year = {2008},
    pagetotal = {531},
    address = {М.},
}

@TechReport{CKing,
    author = {King, C. and Moore,  R. K. },
    title = {A Survey of Terrain Radar Backscatter Coefficient Measure Program},
    institution = {The University of Kanzas, Center for Research Inc.},
    year = {1973},
    number = {243-2},
    month = {12},
}

@article{katz1960,
    title={Polarization and depression angle dependence of radar terrain return},
    author={Katz, I. and Spetner, L. M.},
    journal={Journal of Research of the National Bureau of Standards},
    volume={64},
    pages={485},
    year={1960}
}


@article{oh2002semi,
    title={Semi-empirical model of the ensemble-averaged differential Mueller matrix for microwave backscattering from bare soil surfaces},
    author={Oh, Yisok and Sarabandi, Kamal and Ulaby, Fawwaz T},
    journal={IEEE Transactions on Geoscience and Remote Sensing},
    volume={40},
    number={6},
    pages={1348-1355},
    year={2002},
    publisher={IEEE}
}

@article{borzov2014mathematical,
    title={Mathematical modeling and simulation of the input signals of short-range radar systems},
    author={Borzov, A B and Suchkov, V B and Shakhtarin, B I and Sidorkina, Yu A},
    journal={Journal of Communications Technology and Electronics},
    volume={59},
    number={12},
    pages={1356-1368},
    year={2014},
    publisher={Springer}
}

@article{borzov2015,
    author = { Akhiyarov, V. V. and Borzov, A. B. and Suchkov, Victor and Shakhtarin, B. I. and  Sidorkina, Yu. A.},
    year = {2015},
    month = {12},
    pages = {1297-1304},
    title = {Calculation of the backscattered field by the method of the physical diffraction theory in the problem of diffraction from impedance objects},
    volume = {60},
    journal = {Journal of Communications Technology and Electronics}
}

@article{Suchkov2013,
    title={Object-oriented method of determination of complex coefficients of reflection of elements of polygonal model of targets.},
    author={Suchkov, V. B.},
    journal={Systems and means of communication, television, and    broadcasting},
    year={2013},
    note = {in Russian},
}

@article{borzov2004,
    title={Digital modeling of the input signals of near-radar systems from complex radar scenes},
    author={Borzov, A B and Suchkov, V B and Sokolov, A V},
    journal={Journal Of Radio Electronics},
    number={4},
    year={2004},
    note = {in Russian},
}

@article{gordon1975far,
    title={Far-field approximations to the Kirchoff-Helmholtz representations of scattered fields},
    author={Gordon, W B},
    journal={IEEE Transactions on Antennas and Propagation},
    volume={23},
    number={4},
    pages={590--592},
    year={1975},
    publisher={IEEE}
}

@book{ufimtsev2009theory,
    title={Theory of edge diffraction in electromagnetics},
    author={Ufimtsev, Pyotr Yakovlevich},
    year={2009},
    publisher={The Institution of Engineering and Technology},
    address={California}
}

@ARTICLE{shootAndBounce, 
    author={Shyh-Kang Jeng}, 
    journal={IEEE Transactions on Antennas and Propagation}, 
    title={Near-field scattering by physical theory of diffraction and shooting and bouncing rays}, 
    year={1998}, 
    volume={46}, 
    number={4}, 
    pages={551-558}, 
    keywords={Doppler effect;antenna radiation patterns;electromagnetic fields;electromagnetic induction;electromagnetic wave scattering;physical theory of diffraction;radar cross-sections;receiving antennas;spectral analysis;transmitting antennas;Doppler spectrum;PTD;RCS;antenna distance;electromagnetic field;equivalent image;far-field zone;induced currents;near-field scattering;physical theory of diffraction;received signals;receiving antenna;shooting and bouncing rays;spherical waves;target size;target surface;total scattered field;transmitting antenna;vector effective height;Councils;Electromagnetic fields;Electromagnetic scattering;Frequency;Helium;Physical theory of diffraction;Radar cross section;Radar scattering;Receiving antennas;Transmitting antennas}, 
    doi={10.1109/8.664120}, 
    ISSN={0018-926X}, 
    month={04},
}


@book{SAR:Захаров2015,
	author = {Захаров, Александр Иванович and Яковлев, Олег Изосимович and Смирнов Владимир Михайлович},
	title = {Спутниковый мониторинг земли: Радиолокационное зондирование поверхности},
	language = {russian},
	edition = {3},
	publisher = {ЛЕНАНД},
	location = {M.},
	year = {2015},
	isbn = {978-5-9710-1965-7},
	pagetotal = {248},
}

@book{SAR:Кравченко2008,
	author = {Волосюк, Валерий Константинович and Кравченко Виктор Филиппович},
	title = {Статистическая теория радиотехнических систем дистанционного зондирования и радиолокации},
	editor = {Кравченко, В.Ф.},
	language = {russian},
	publisher = {ФИЗМАТЛИТ},
	location = {М.},
	isbn = {978-5-9221-0895-5},
	pagetotal = {704},
	year = {2008}
}



